@book{budynas2016elementos,
  title={Elementos de M{\'a}quinas de Shigley-10{\textordfeminine} Edi{\c{c}}{\~a}o},
  author={Budynas, Richard G and Nisbeth, J Keith},
  year={2016},
  url = {https://books.google.com.br/books?hl=pt-BR&lr=&id=ekN4CwAAQBAJ&oi=fnd&pg=PR1&dq=Budynas,Richard+G.+2016&ots=zROa8oBByS&sig=jLf1J00sSGaOnDXaA9nVYV4QBAI#v=onepage&q=Budynas%2CRichard%20G.%202016&f=false},
  publisher={McGraw Hill Brasil}
}

@article{butignol2017adequaccao,
  title={Adequa{\c{c}}{\~a}o de uma mesa XYZ para fins did{\'a}ticos},
  author={Butignol, Marcos Rodrigues},
  url = {https://repositorio.ifsc.edu.br/bitstream/handle/123456789/571/ADEQUACAO_DE_UMA_MESA_XYZ_PARA_FINS_DIDATICOS.pdf?sequence=1&isAllowed=y},
  year={2017}
}

@article{camargo1988mesa,
  title={Mesa de coordenadas xy para aplica{\c{c}}{\~a}o em microengenharia com CNC: projeto e analise},
  author={Camargo, Luiz Fernando Soares and others},
  url={https://repositorio.ufsc.br/xmlui/bitstream/handle/123456789/75448/80422.pdf?sequence=1&isAllowed=y},
  year={1988}
}

@article{carminatti2019desenvolvimento,
  title={DESENVOLVIMENTO DE UM T{\'U}NEL DE VENTO SUBS{\^O}NICO COM FOCO NO ENSINO DID{\'A}TICO},
  author={Carminatti, Luiz Jyonathan and Konrath, Rodrigo},
  journal={Anais da Engenharia Mec{\^a}nica/ISSN 2594-4649},
  volume={4},
  number={1},
  pages={17--33},
  url={https://uceff.edu.br/anais/index.php/engmec/article/view/229/221},
  year={2019}
}

@phdthesis{de2014adalberto,
  title={Adalberto Rodrigo dos Santos Bruno Washington Xavier da Silva Francisco Santiago Neto Laura Dias Lopes Thais Hon{\'o}rio Dion{\'\i}sio},
  author={de Curso, Trabalho de Conclus{\~a}o},
  year={2014},
  url={https://www.google.com/url?sa=t&rct=j&q=&esrc=s&source=web&cd=&ved=2ahUKEwjO5pzx7_nuAhV_HLkGHT9GCXkQFjAAegQIAhAD&url=https%3A%2F%2Fsjc.ifsp.edu.br%2Fbiblioteca%2Findex.php%2Fcomponent%2Fphocadownload%2Fcategory%2F5-mecanica%3Fdownload%3D4%3Aelaboracao-de-tunel-de-vento-para-aplicacoes-de-ensaios-aerodinamicos&usg=AOvVaw2RnEW_mEs0Z9K7xVBjPVyZ},
  school={Instituto Federal de Educa{\c{c}}{\~a}o, Ci{\^e}ncia e Tecnologia de S{\~a}o Paulo}
}

@article{hoss2018implantaccao,
  title={Implanta{\c{c}}{\~a}o de controle de velocidade em t{\'u}nel de vento movido {\`a} motor de combust{\~a}o para testes de turbinas e{\'o}licas},
  author={Hoss, Deiwis Lellis},
  url={https://repositorio.ifsc.edu.br/bitstream/handle/123456789/532/Implementação%20de%20controle%20de%20velocidade%20em%20túnel%20de%20vento.pdf?sequence=1},
  year={2018}
}

@article{joglekar2014design,
  title={Design, construction and testing open circuit low speed wind tunnel},
  author={Joglekar, Bapu and Mourya, Rana Manoj},
  journal={International Journal of Engineering Research and Reviews},
  volume={2},
  number={4},
  pages={1--9},
  year={2014}
}

@book{pritchard2016fox,
  title={Fox and McDonald's introduction to fluid mechanics},
  author={Pritchard, Philip J and Mitchell, John W},
  year={2016},
  url={http://ftp.demec.ufpr.br/disciplinas/TM240/Marchi/Bibliografia/Pritchard-Fox-McDonalds_2011_8ed_Fluid-Mechanics.pdf},
  publisher={John Wiley \& Sons}
}

@phdthesis{ramos2018desenvolvimento,
  title={Desenvolvimento de um Sistema de Deslocamento Bi-axial para Aplica{\c{c}}{\~a}o em T{\'u}nel Aerodin{\^a}mico},
  author={Ramos, Lu{\'\i}s Gonzaga dos Reis},
  url={https://run.unl.pt/bitstream/10362/58331/1/Ramos_2018.pdf},
  year={2018}
}

@inproceedings{rocha2015retrofitting,
  title={Retrofitting de uma mesa XY},
  author={ROCHA, FA and SERRANTOLA, W and LOPEZ, GABRIEL N and TORGA, D and CARVALHO, MA and SOUZA, G and others},
  booktitle={Simp{\'o}sio Brasileiro de Automa{\c{c}}{\~a}o Inteligente},
  url={http://swge.inf.br/SBAI2015/anais/554.pdf},
  year={2015}
}

@article{kassouf2003mesa,
  title={Mesa XY},
  author={Kassouf, S},
  journal={Mecatr{\^o}nica Atual},
  volume={21},
  number={4},
  pages={406--424},
  year={2003}
}